
@Book{Haarmann2004,
  author    = {Haarmann, Harald},
  title     = {{Geschichte} der {Schrift}},
  publisher = {C. H. Beck},
  address   = {München},
  year      = {2004},
}


@Book{Kroeger2022,
  author    = {Kroeger, Paul},
  title     = {Analyzing meaning: {{A}}n introduction to semantics and pragmatics},
  publisher = {Language Science Press},
  address   = {Berlin},
  year      = {2022},
}


@Book{LadefogedMaddieson1996,
  author    = {Ladefoged, Peter and Maddieson, Ian},
  title     = {The sounds of the world's languages},
  publisher = {Blackwell},
  address   = {Oxford},
  year      = {1996},
}

@Article{Li1985,
  author  = {Li, Paul Jen-kuei},
  title   = {A secret language in {Taiwanese}/{\cn 台湾的秘密语言}.},
  number  = {1},
  pages   = {91–121},
  url     = {http://www.jstor.org/stable/23767095},
  volume  = {13},
  journal = {Journal of Chinese Linguistics},
  year    = {1985},
}


@Book{RoccaJohnson1999,
  author    = {Rocca, Iggy and Johnson, Wyn},
  title     = {Course in phonology},
  publisher = {Blackwell},
  address   = {Oxford},
  year      = {1999},
}


@Book{Levinson2003,
  author    = {Levinson, Stephen C.},
  title     = {Space in language and cognition: {{{E}}}xplorations in cognitive diversity},
  publisher = {Cambridge University Press},
  address   = {Cambridge},
  year      = {2003},
}


@Book{Coulmas1999,
  author    = {Coulmas, Florian},
  title     = {The {Blackwell} encyclopedia of writing systems},
  publisher = {Wiley-Blackwell},
  address   = {New York},
  year      = {1999},
}


@Book{Booij2012,
  author    = {Booij, Geert},
  title     = {The grammar of words},
  publisher = {Oxford University Press},
  address   = {Oxford},
  year      = {2012},
}


@Book{Dixon1994,
  author    = {Dixon, Robert M. W.},
  title     = {Ergativity},
  publisher = {Cambridge University Press},
  address   = {Cambridge},
  year      = {1994},
}


@InCollection{KoptjevskajaTammLiljegren2017,
  author    = {Koptjevskaja-Tamm, Maria and Liljegren, Henrik},
  booktitle = {The {Cambridge} handbook of areal linguistics},
  title     = {Semantic patterns from an areal perspective},
  editor    = {Raymond Hickey},
  publisher = {Cambridge University Press},
  address   = {Cambridge},
  year      = {2017},
}


@Book{Cruttenden2021,
  author    = {Cruttenden, Alan},
  title     = {Writing systems and phonetics},
  publisher = {Routledge},
  address   = {London},
  year      = {2021},
}


@Book{Rijkhoff2002,
  author    = {Rijkhoff, Jan},
  title     = {The noun phrase},
  publisher = {Oxford University Press},
  address   = {Oxford},
  year      = {2002},
}


@Book{Parkin2021,
  author    = {Parkin, Robert},
  title     = {How Kinship Systems Change},
  publisher = {Berghahn Books},
  address   = {New York},
  year      = {2021},
}


@Book{Carnie2011,
  author    = {Carnie, Andrew},
  title     = {Modern syntax: {{A}} coursebook},
  publisher = {Cambridge University Press},
  address   = {Cambridge},
  year      = {2011},
}


@Book{Coon2013,
  author    = {Coon, Jessica},
  title     = {Aspects of split ergativity},
  publisher = {Oxford University Press},
  address   = {Oxford},
  year      = {2013},
}


@Book{Dousset2012,
  author    = {Dousset, Laurent},
  title     = {{Australian} aboriginal kinship: {{A}}n introductory handbook with particular emphasis on the {Western Desert}},
  publisher = {Pacific-Credo Publications},
  address   = {Marseilles},
  year      = {2012},
}


@Book{Vanhove2008,
  title     = {From polysemy to semantic change},
  editor    = {Vanhove, Martine},
  publisher = {John Benjamins Publishing Company},
  address   = {Amsterdam},
  booktitle = {From polysemy to semantic change},
  year      = {2008},
}


@Book{HengeveldEtAl2017,
  title     = {The grammaticalization of tense, aspect, modality and evidentiality},
  editor    = {Hengeveld, Kees and Narrog, Heiko and Olbertz, Hella},
  publisher = {De Gruyter Mouton},
  address   = {Berlin},
  year      = {2017},
}


@Book{Zaslavsky1999,
  author    = {Zaslavsky, Claudia},
  title     = {{Africa} counts: {{N}}umber and pattern in {Africa}n cultures},
  publisher = {Chicago Review Press},
  address   = {Chicago},
  year      = {1999},
}


@Book{CinqueKayne2008,
  title     = {The {Oxford} handbook of comparative syntax},
  editor    = {Cinque, Guglielmo and Kayne, Richard S.},
  publisher = {Oxford University Press},
  address   = {Oxford},
  booktitle = {The {Oxford} handbook of comparative syntax},
  year      = {2008},
}


@Book{Ifrah2000,
  author    = {Ifrah, George},
  title     = {The universal history of numbers: {{F}}rom prehistory to the invention of the computer},
  publisher = {John Wiley and Sons Inc},
  address   = {New York},
  year      = {2000},
}

@Book{Refsing1986,
  author    = {Refsing, Kirsten},
  title     = {The {Ainu} Language: {The} Morphology and Syntax of the {Shizunai} Dialect},
  publisher = {Aarhus University Press},
  year      = {1986},
}


@Book{FortescueEtAl2017,
  title     = {The {Oxford} handbook of polysynthesis},
  editor    = {Fortescue, Michael and Mithun, Marianne and Evans, Nicholas},
  publisher = {Oxford University Press},
  address   = {Oxford},
  booktitle = {The {Oxford} handbook of polysynthesis},
  year      = {2017},
}


@Book{DanielsBright1996,
  author    = {Daniels, Peter T. and Bright, William},
  title     = {The world's writing systems},
  publisher = {Oxford University Press},
  address   = {Oxford},
  year      = {1996},
}


@Book{Coulmas2003,
  author    = {Coulmas, Florian},
  title     = {Writing systems: {An} introduction.},
  publisher = {Cambridge University Press},
  address   = {Cambridge},
  year      = {2003},
}


@Book{Robinson1999,
  author    = {Robinson, Andrew},
  title     = {The story of writing},
  publisher = {Thames \& Hudson},
  address   = {New York},
  year      = {1999},
}


@Book{LadefogedJohnson2014,
  author    = {Ladefoged, Peter and Johnson, Keith},
  title     = {A course in phonetics},
  publisher = {Cengage Learning},
  address   = {Wadsworth},
  year      = {2014},
}

@Book{Shibatani1990,
  author    = {Shibatani, Masayoshi},
  title     = {The Languages of {Japan}},
  edition   = {Reprint 1994},
  publisher = {Cambridge University Press},
  year      = {1990},
}


@Book{Fortescue2011,
  author    = {Fortescue, Michael},
  title     = {Orientation systems of the {North} {Pacific} {Rim}},
  publisher = {The University of Chicago Press},
  address   = {Chicago},
  year      = {2011},
}


@Book{DonohueWichmann2005,
  title     = {The typology of semantic alignment},
  editor    = {Donohue, Mark and Wichmann, Søren},
  publisher = {Oxford University Press},
  address   = {Oxford},
  sortname  = {Donohue, Mark and Wichmann, Soren},
  year      = {2005},
}


@Book{tenHacken2016,
  title     = {The semantics of compounding},
  editor    = {ten Hacken, Pius},
  publisher = {Cambridge University Press},
  address   = {Cambridge},
  booktitle = {The semantics of compounding},
  year      = {2016},
}


@Book{CoonEtAl2017,
  title     = {The {Oxford} handbook of ergativity},
  editor    = {Coon, Jessica and Massam, Diane and Travis, Lisa Demena},
  publisher = {Oxford University Press},
  address   = {Oxford},
  booktitle = {The {Oxford} handbook of ergativity},
  year      = {2017},
}


@Book{CabredoHofherrZribi-Hertz2013,
  title     = {Crosslinguistic studies on noun phrase structure and reference},
  editor    = {Cabredo Hofherr, Patricia and Zribi-Hertz, Anne},
  publisher = {Brill Academic Publishers},
  address   = {Leiden},
  booktitle = {Crosslinguistic studies on noun phrase structure and reference},
  year      = {2013},
}


@Book{Hurford2011,
  author    = {Hurford, James R.},
  title     = {The linguistic theory of numerals},
  publisher = {Cambridge University Press},
  address   = {Cambridge},
  year      = {2011},
}


@Book{Chrisomalis2010,
  author    = {Chrisomalis, Stephen},
  title     = {Numerical notation: {{A}} comparative history},
  publisher = {Cambridge University Press},
  address   = {Cambridge},
  year      = {2010},
}

@Book{BerlinandKay1969,
  author    = {Berlin, Brent and Kay, Paul},
  title     = {Basic Color Terms: {Their} Universality and Evolution},
  edition   = {1},
  location  = {Berkeley},
  publisher = {University of California Press},
  address   = {Berkeley},
  year      = {1969},
}


@Book{Zsiga2013,
  author    = {Zsiga, Elizabeth C.},
  title     = {The sounds of language: {{A}}n introduction to phonetics and phonology},
  publisher = {Wiley-Blackwell},
  address   = {Chichester},
  year      = {2013},
}


@Book{AikhenvaldDixon2013,
  title     = {Possession and ownership},
  editor    = {Aikhenvald, Alexandra Y. and Dixon, Robert M. W.},
  publisher = {Oxford University Press},
  address   = {Oxford},
  booktitle = {Possession and ownership},
  year      = {2013},
}


@Book{Setter2021,
  author    = {Setter, Jane},
  title     = {Your voice speaks volumes},
  publisher = {Oxford University Press},
  address   = {Oxford},
  year      = {2021},
}
